@book{100ml,
    title={The Hundred-Page Machine Learning Book},
    author={Andriy Burkov},
    year = {2019},
}

@book{linalg,
    title = {Linear Algebra and Learning from Data},
    author={Gilbert Strang},
    year = {2019},
    publisher={Wesley-Cambridge Press},
}

@book{mml,
    title = {Mathematics for Machine Learning},
    author = {Marc Peter Deisenroth and A. Aldo Faisal and Cheng Soon Ong},
    year = {2020},
    publisher = {Cambridge University Press},
}


